% 1
@inproceedings{1,
  author    = {Shivaar Sooklal and Terence L. van Zyl and Andrew Paskaramoorthy},
  booktitle = {Communications in Computer and Information Science},
  title     = {DRICORN-K: A Dynamic RIsk CORrelation-driven Non-parametric Algorithm for Online Portfolio Selection},
  year      = {2017},
  keywords  = {Online portfolio selection, Pattern-matching, Non-parametric learning, Systemic risk},
  volume    = {1342},
  number    = {},
  publisher = {Springer International Publishing},
  pages     = {183-196},
  doi       = {},
  issn      = {},
  month     = {}
}

% 2
@inproceedings{2,
  booktitle     ={ACM Transactions on Intelligent Systems and Technology.},
  author        = {Bin Li and Steven C.H.HOI and Gopalkrishnan Vivekanand},
  title         = {CORN: Correlation-driven Nonparametric Learning Approach for Portfolio Selection},
  archiveprefix = {},
  primaryclass  = {},
  url           = {http://ink.library.smu.edu.sg/sis_research/2265},
  number        = {1},
  volume        = {2},
  publisher     = {},
  year          = {2011}
}


% 3
@inproceedings{3,
  author        = {Li Bin and Hoi Steven C.H},
  booktitle     = {},
  title         = {Online portfolio selection: A survey},
  year          = {2014},
  pages         = {1-33},
  url           = {https://ink.library.smu.edu.sg/sis_research/2263},
  publisher     = {ACM Computing Surveys},
  volume        = {46},
  issue         = {3},
  eprint        = {},
  archiveprefix = {},
  primaryclass  = {},
  month         = {},
  keywords      = {},
}
}


% 4
@inproceedings{4,
  author        = {Michael W. Brandt},
  booktitle     = {Handbook of Financial Econometrics: Tools and Techniques},
  title         = {Portfolio Choice Problems},
  Chapter       = {5},
  pages         = {269-336},
  journal       = {},
  volume        = {1},
  year          = {2010},
  url           = {},
  archiveprefix = {},
  eprint        = {},
  keywords      = {portfolio choice and discrete time},
  doi           = {https://doi.org/10.1016/C2009-0-16945-3},
  publisher     = {Elsevier B.V.},
  isbn          = {978-0-444-50897-3},
  timestamp     = {},
  biburl        = {},
  bibsource     = {}
}


%5 
@inproceedings{5,
  author        = {Stephen Boyd and Enzo Busseti and Steven Diamond and Ronald N. Khan and Kwangmoo Koh and Peter Nystrup and Jan Speth},
  booktitle     = {Foundations and Trends in optimization},
  title         = {Multi-Period Trading via Convex Optimization},
  journal       = {},
  volume        = {3},
  issue        = {1},
  year          = {2017},
  month         = {August},
  url           = {http://stanford.edu/~boyd/papers/cvx_portfolio.html},
  pages         = {1 -- 22},
  archiveprefix = {},
  eprint        = {},
  doi           = {10.1561/2400000023},
  timestamp     = {},
  biburl        = {},
  bibsource     = {}
}

@inproceedings{6,
  booktitle     = {},
  title         = {Recurrent neural network for dynamic portfolio selection},
  author        = {Chi-Ming Lin and Jih-Jeng Huang and Mitsuo Gen and Gwo-Hshiung Tzeng},
  year          = {2005},
  eprint        = {},
  doi           = {},
  journal     = {science direct},
  isbn          = {},
  archiveprefix = {},
  primaryclass  = {},
  
}
% 7
@inproceedings{7,
  booktitle     ={Jounal of Finance},
  author        = {H. Markowitz},
  title         = {Portfolio selection},
  archiveprefix = {},
  primaryclass  = {},
  url           = {},
  number        = {1},
  volume        = {7},
  publisher     = {},
  year          = {1952},
  pages         = {77-91},
}

% 2
@inproceedings{8,
  booktitle     ={Cognitive Science},
  author        = {J.L Elman},
  title         = {Finding structure in Time},
  archiveprefix = {},
  primaryclass  = {},
  url           = {},
  number        = {2},
  volume        = {14},
  publisher     = {},
  year          = {1990},
  pages         = {179 - 221}
}

% 2
@inproceedings{9,
  booktitle     ={Machine Learning for Financial Engineering},
  author        = {L. GÂ¨yorfl  and G. Ottucsak  and H. Walk},
  title         = {},
  archiveprefix = {},
  primaryclass  = {},
  url           = {},
  number        = {},
  volume        = {},
  publisher     = {},
  year          = {2012},
  pages         = {}
}

@inproceedings{10,
  booktitle     ={A framework for online investment decisions},
  author        = {A.B. Paskaramoorthy and T.J. Gebbie and T.L. van Zyl},
  title         = {},
  archiveprefix = {},
  primaryclass  = {},
  url           = {},
  number        = {},
  volume        = {},
  publisher     = {},
  journal       = {49},
  year          = {2020},
  pages         = {215-231}

}

@inproceedings{11,
  booktitle     ={CVXPortfolio},
  author        = {E. Busseti and S. Diamond and S. Boyd and Blackrock},
  title         = {},
  archiveprefix = {},
  primaryclass  = {},
  url           = {https://github.com/cvxgrp/cvxportfolio.},
  number        = {},
  volume        = {},
  publisher     = {},
  journal       = {},
  year          = {2017},
  pages         = {}

}

@inproceedings{12,
  booktitle     ={Portfolio selection with transaction costs},
  author        = {E. Busseti and S. Diamond and S. Boyd and Blackrock},
  title         = {},
  archiveprefix = {},
  primaryclass  = {},
  url           = {https://github.com/cvxgrp/cvxportfolio.},
  number        = {},
  volume        = {},
  publisher     = {},
  journal       = {},
  year          = {2017},
  pages         = {}

}